@incollection{murphy2001rao,
  title={Rao-Blackwellised particle filtering for dynamic Bayesian networks},
  author={Murphy, Kevin and Russell, Stuart},
  booktitle={Sequential Monte Carlo methods in practice},
  pages={499--515},
  year={2001},
  publisher={Springer}
}

@inproceedings{grisetti2005improving,
  title={Improving grid-based slam with rao-blackwellized particle filters by adaptive proposals and selective resampling},
  author={Grisetti, Giorgio and Stachniss, Cyrill and Burgard, Wolfram},
  booktitle={Proceedings of the 2005 IEEE international conference on robotics and automation},
  pages={2432--2437},
  year={2005},
  organization={IEEE}
}
@article{grisetti2007improved,
  title={Improved techniques for grid mapping with rao-blackwellized particle filters},
  author={Grisetti, Giorgio and Stachniss, Cyrill and Burgard, Wolfram},
  journal={IEEE transactions on Robotics},
  volume={23},
  number={1},
  pages={34--46},
  year={2007},
  publisher={IEEE}
}
@inproceedings{hess2016real,
  title={Real-time loop closure in 2D LIDAR SLAM},
  author={Hess, Wolfgang and Kohler, Damon and Rapp, Holger and Andor, Daniel},
  booktitle={2016 IEEE international conference on robotics and automation (ICRA)},
  pages={1271--1278},
  year={2016},
  organization={IEEE}
}
@inproceedings{engel2014lsd,
  title={LSD-SLAM: Large-scale direct monocular SLAM},
  author={Engel, Jakob and Sch{\"o}ps, Thomas and Cremers, Daniel},
  booktitle={European conference on computer vision},
  pages={834--849},
  year={2014},
  organization={Springer}
}
@article{zhang2017low,
  title={Low-drift and real-time lidar odometry and mapping},
  author={Zhang, Ji and Singh, Sanjiv},
  journal={Autonomous robots},
  volume={41},
  pages={401--416},
  year={2017},
  publisher={Springer}
}
@inproceedings{shan2018lego,
  title={Lego-loam: Lightweight and ground-optimized lidar odometry and mapping on variable terrain},
  author={Shan, Tixiao and Englot, Brendan},
  booktitle={2018 IEEE/RSJ International Conference on Intelligent Robots and Systems (IROS)},
  pages={4758--4765},
  year={2018},
  organization={IEEE}
}
@inproceedings{li2019net,
  title={Lo-net: Deep real-time lidar odometry},
  author={Li, Qing and Chen, Shaoyang and Wang, Cheng and Li, Xin and Wen, Chenglu and Cheng, Ming and Li, Jonathan},
  booktitle={Proceedings of the IEEE/CVF Conference on Computer Vision and Pattern Recognition},
  pages={8473--8482},
  year={2019}
}
@article{孙海2017激光测距在仓储搬运机器人运动中的应用,
  title={激光测距在仓储搬运机器人运动中的应用},
  author={孙海 and 任翠平 and 卢军 and 谢苏俊},
  journal={电子技术与软件工程},
  number={1},
  pages={103--104},
  year={2017}
}

@article{davison2007monoslam,
  title={MonoSLAM: Real-time single camera SLAM},
  author={Davison, Andrew J and Reid, Ian D and Molton, Nicholas D and Stasse, Olivier},
  journal={IEEE transactions on pattern analysis and machine intelligence},
  volume={29},
  number={6},
  pages={1052--1067},
  year={2007},
  publisher={IEEE}
}
@article{davison2003real,
  title={Real-Time Localisation and Mapping with a Single Camera},
  author={Davison, Andrew J},
  journal={情報処理学会研究報告= IPSJ SIG technical reports},
  volume={2003},
  number={2},
  pages={107--114},
  year={2003},
  publisher={情報処理学会}
}
@inproceedings{klein2007parallel,
  title={Parallel tracking and mapping for small AR workspaces},
  author={Klein, Georg and Murray, David},
  booktitle={2007 6th IEEE and ACM international symposium on mixed and augmented reality},
  pages={225--234},
  year={2007},
  organization={IEEE}
}
@article{mur2015orb,
  title={ORB-SLAM: a versatile and accurate monocular SLAM system},
  author={Mur-Artal, Raul and Montiel, Jose Maria Martinez and Tardos, Juan D},
  journal={IEEE transactions on robotics},
  volume={31},
  number={5},
  pages={1147--1163},
  year={2015},
  publisher={IEEE}
}
@inproceedings{newcombe2011dtam,
  title={DTAM: Dense tracking and mapping in real-time},
  author={Newcombe, Richard A and Lovegrove, Steven J and Davison, Andrew J},
  booktitle={2011 international conference on computer vision},
  pages={2320--2327},
  year={2011},
  organization={IEEE}
}
@inproceedings{forster2014svo,
  title={SVO: Fast semi-direct monocular visual odometry},
  author={Forster, Christian and Pizzoli, Matia and Scaramuzza, Davide},
  booktitle={2014 IEEE international conference on robotics and automation (ICRA)},
  pages={15--22},
  year={2014},
  organization={IEEE}
}
##视觉语言导航

@inproceedings{wen2025zero,
  title={Zero-shot object navigation with vision-language models reasoning},
  author={Wen, Congcong and Huang, Yisiyuan and Huang, Hao and Huang, Yanjia and Yuan, Shuaihang and Hao, Yu and Lin, Hui and Liu, Yu-Shen and Fang, Yi},
  booktitle={International Conference on Pattern Recognition},
  pages={389--404},
  year={2025},
  organization={Springer}
}
@inproceedings{unlu2025reliable,
  title={Reliable semantic understanding for real world zero-shot object goal navigation},
  author={Unlu, Halil Utku and Yuan, Shuaihang and Wen, Congcong and Huang, Hao and Tzes, Anthony and Fang, Yi},
  booktitle={International Conference on Pattern Recognition},
  pages={135--150},
  year={2025},
  organization={Springer}
}
@article{gutierrez2025visual,
  title={Visual semantic navigation with real robots},
  author={Guti{\'e}rrez-{\'A}lvarez, Carlos and R{\'\i}os-Navarro, Pablo and Flor-Rodr{\'\i}guez-Rabad{\'a}n, Rafael and Acevedo-Rodr{\'\i}guez, Francisco Javier and L{\'o}pez-Sastre, Roberto Javier},
  journal={Applied Intelligence},
  volume={55},
  number={2},
  pages={206},
  year={2025},
  publisher={Springer}
}
@inproceedings{yuan2025exploring,
  title={Exploring the reliability of foundation model-based frontier selection in zero-shot object goal navigation},
  author={Yuan, Shuaihang and Unlu, Halil Utku and Huang, Hao and Wen, Congcong and Tzes, Anthony and Fang, Yi},
  booktitle={International Conference on Pattern Recognition},
  pages={119--134},
  year={2025},
  organization={Springer}
}
@article{jones2025beyond,
  title={Beyond sight: Finetuning generalist robot policies with heterogeneous sensors via language grounding},
  author={Jones, Joshua and Mees, Oier and Sferrazza, Carmelo and Stachowicz, Kyle and Abbeel, Pieter and Levine, Sergey},
  journal={arXiv preprint arXiv:2501.04693},
  year={2025}
}


@inproceedings{long2024discuss,
  title={Discuss before moving: Visual language navigation via multi-expert discussions},
  author={Long, Yuxing and Li, Xiaoqi and Cai, Wenzhe and Dong, Hao},
  booktitle={2024 IEEE International Conference on Robotics and Automation (ICRA)},
  pages={17380--17387},
  year={2024},
  organization={IEEE}
}
@inproceedings{zhou2024navgpt1,
  title={Navgpt: Explicit reasoning in vision-and-language navigation with large language models},
  author={Zhou, Gengze and Hong, Yicong and Wu, Qi},
  booktitle={Proceedings of the AAAI Conference on Artificial Intelligence},
  volume={38},
  number={7},
  pages={7641--7649},
  year={2024}
}
@inproceedings{zhou2024navgpt2,
  title={Navgpt-2: Unleashing navigational reasoning capability for large vision-language models},
  author={Zhou, Gengze and Hong, Yicong and Wang, Zun and Wang, Xin Eric and Wu, Qi},
  booktitle={European Conference on Computer Vision},
  pages={260--278},
  year={2024},
  organization={Springer}
}
@article{liu2024dragon,
  title={DRAGON: A dialogue-based robot for assistive navigation with visual language grounding},
  author={Liu, Shuijing and Hasan, Aamir and Hong, Kaiwen and Wang, Runxuan and Chang, Peixin and Mizrachi, Zachary and Lin, Justin and McPherson, D Livingston and Rogers, Wendy A and Driggs-Campbell, Katherine},
  journal={IEEE Robotics and Automation Letters},
  year={2024},
  publisher={IEEE}
}


@inproceedings{huang2023visual,
  title={Visual language maps for robot navigation},
  author={Huang, Chenguang and Mees, Oier and Zeng, Andy and Burgard, Wolfram},
  booktitle={2023 IEEE International Conference on Robotics and Automation (ICRA)},
  pages={10608--10615},
  year={2023},
  organization={IEEE}
}
@inproceedings{yokoyama2024vlfm,
  title={Vlfm: Vision-language frontier maps for zero-shot semantic navigation},
  author={Yokoyama, Naoki and Ha, Sehoon and Batra, Dhruv and Wang, Jiuguang and Bucher, Bernadette},
  booktitle={2024 IEEE International Conference on Robotics and Automation (ICRA)},
  pages={42--48},
  year={2024},
  organization={IEEE}
}
@article{an2024etpnav,
  title={Etpnav: Evolving topological planning for vision-language navigation in continuous environments},
  author={An, Dong and Wang, Hanqing and Wang, Wenguan and Wang, Zun and Huang, Yan and He, Keji and Wang, Liang},
  journal={IEEE Transactions on Pattern Analysis and Machine Intelligence},
  year={2024},
  publisher={IEEE}
}


##第三章第二节

@inproceedings{ke2019tactical,
  title={Tactical rewind: Self-correction via backtracking in vision-and-language navigation},
  author={Ke, Liyiming and Li, Xiujun and Bisk, Yonatan and Holtzman, Ari and Gan, Zhe and Liu, Jingjing and Gao, Jianfeng and Choi, Yejin and Srinivasa, Siddhartha},
  booktitle={Proceedings of the IEEE/CVF conference on computer vision and pattern recognition},
  pages={6741--6749},
  year={2019}
}
@article{王湉2024基于大语言模型的人机交互移动检测机器人导航方法,
  title={基于大语言模型的人机交互移动检测机器人导航方法},
  author={王湉 and 范峻铭 and 郑湃},
  journal={计算机集成制造系统},
  volume={30},
  number={5},
  pages={1587},
  year={2024}
}
@inproceedings{shah2021ving,
  title={Ving: Learning open-world navigation with visual goals},
  author={Shah, Dhruv and Eysenbach, Benjamin and Kahn, Gregory and Rhinehart, Nicholas and Levine, Sergey},
  booktitle={2021 IEEE International Conference on Robotics and Automation (ICRA)},
  pages={13215--13222},
  year={2021},
  organization={IEEE}
}

@inproceedings{shah2023lm,
  title={Lm-nav: Robotic navigation with large pre-trained models of language, vision, and action},
  author={Shah, Dhruv and Osi{\'n}ski, B{\l}a{\.z}ej and Levine, Sergey and others},
  booktitle={Conference on robot learning},
  pages={492--504},
  year={2023},
  organization={PMLR}
}
  @article{朱威2024结合优势结构和最小目标,
  title={结合优势结构和最小目标 Q 值的深度强化学习导航算法.},
  author={朱威 and 洪力栋 and 施海东 and 何德峰},
  journal={Control Theory \& Applications/Kongzhi Lilun Yu Yinyong},
  volume={41},
  number={4},
  year={2024}
}
@article{fang2022target,
  title={Target-driven visual navigation in indoor scenes using reinforcement learning and imitation learning},
  author={Fang, Qiang and Xu, Xin and Wang, Xitong and Zeng, Yujun},
  journal={CAAI Transactions on Intelligence Technology},
  volume={7},
  number={2},
  pages={167--176},
  year={2022},
  publisher={Wiley Online Library}
}
@inproceedings{du2020learning,
  title={Learning object relation graph and tentative policy for visual navigation},
  author={Du, Heming and Yu, Xin and Zheng, Liang},
  booktitle={Computer Vision--ECCV 2020: 16th European Conference, Glasgow, UK, August 23--28, 2020, Proceedings, Part VII 16},
  pages={19--34},
  year={2020},
  organization={Springer}
}
@article{du2021vtnet,
  title={Vtnet: Visual transformer network for object goal navigation},
  author={Du, Heming and Yu, Xin and Zheng, Liang},
  journal={arXiv preprint arXiv:2105.09447},
  year={2021}
}
@article{han2021transformer,
  title={Transformer in transformer},
  author={Han, Kai and Xiao, An and Wu, Enhua and Guo, Jianyuan and Xu, Chunjing and Wang, Yunhe},
  journal={Advances in neural information processing systems},
  volume={34},
  pages={15908--15919},
  year={2021}
}
@inproceedings{fukushima2022object,
  title={Object memory transformer for object goal navigation},
  author={Fukushima, Rui and Ota, Kei and Kanezaki, Asako and Sasaki, Yoko and Yoshiyasu, Yusuke},
  booktitle={2022 International conference on robotics and automation (ICRA)},
  pages={11288--11294},
  year={2022},
  organization={IEEE}
}

@inproceedings{anderson2018vision,
  title={Vision-and-language navigation: Interpreting visually-grounded navigation instructions in real environments},
  author={Anderson, Peter and Wu, Qi and Teney, Damien and Bruce, Jake and Johnson, Mark and S{\"u}nderhauf, Niko and Reid, Ian and Gould, Stephen and Van Den Hengel, Anton},
  booktitle={Proceedings of the IEEE conference on computer vision and pattern recognition},
  pages={3674--3683},
  year={2018}
}
@article{achiam2023gpt,
  title={Gpt-4 technical report},
  author={Achiam, Josh and Adler, Steven and Agarwal, Sandhini and Ahmad, Lama and Akkaya, Ilge and Aleman, Florencia Leoni and Almeida, Diogo and Altenschmidt, Janko and Altman, Sam and Anadkat, Shyamal and others},
  journal={arXiv preprint arXiv:2303.08774},
  year={2023}
}
@article{li2018interiornet,
  title={Interiornet: Mega-scale multi-sensor photo-realistic indoor scenes dataset},
  author={Li, Wenbin and Saeedi, Sajad and McCormac, John and Clark, Ronald and Tzoumanikas, Dimos and Ye, Qing and Huang, Yuzhong and Tang, Rui and Leutenegger, Stefan},
  journal={arXiv preprint arXiv:1809.00716},
  year={2018}
}
@inproceedings{radford2021learning,
  title={Learning transferable visual models from natural language supervision},
  author={Radford, Alec and Kim, Jong Wook and Hallacy, Chris and Ramesh, Aditya and Goh, Gabriel and Agarwal, Sandhini and Sastry, Girish and Askell, Amanda and Mishkin, Pamela and Clark, Jack and others},
  booktitle={International conference on machine learning},
  pages={8748--8763},
  year={2021},
  organization={PMLR}
}

@article{hong2020language,
  title={Language and visual entity relationship graph for agent navigation},
  author={Hong, Yicong and Rodriguez, Cristian and Qi, Yuankai and Wu, Qi and Gould, Stephen},
  journal={Advances in Neural Information Processing Systems},
  volume={33},
  pages={7685--7696},
  year={2020}
}
@inproceedings{krantz2020beyond,
  title={Beyond the nav-graph: Vision-and-language navigation in continuous environments},
  author={Krantz, Jacob and Wijmans, Erik and Majumdar, Arjun and Batra, Dhruv and Lee, Stefan},
  booktitle={Computer Vision--ECCV 2020: 16th European Conference, Glasgow, UK, August 23--28, 2020, Proceedings, Part XXVIII 16},
  pages={104--120},
  year={2020},
  organization={Springer}
}
@article{wang2021visual,
  title={Visual perception generalization for vision-and-language navigation via meta-learning},
  author={Wang, Ting and Wu, Zongkai and Wang, Donglin},
  journal={IEEE Transactions on Neural Networks and Learning Systems},
  volume={34},
  number={8},
  pages={5193--5199},
  year={2021},
  publisher={IEEE}
}
@inproceedings{wang2021structured,
  title={Structured scene memory for vision-language navigation},
  author={Wang, Hanqing and Wang, Wenguan and Liang, Wei and Xiong, Caiming and Shen, Jianbing},
  booktitle={Proceedings of the IEEE/CVF conference on Computer Vision and Pattern Recognition},
  pages={8455--8464},
  year={2021}
}

@article{guo2025deepseek,
  title={Deepseek-r1: Incentivizing reasoning capability in llms via reinforcement learning},
  author={Guo, Daya and Yang, Dejian and Zhang, Haowei and Song, Junxiao and Zhang, Ruoyu and Xu, Runxin and Zhu, Qihao and Ma, Shirong and Wang, Peiyi and Bi, Xiao and others},
  journal={arXiv preprint arXiv:2501.12948},
  year={2025}
}













@inbook{RN42,
   author = "Ahn, Jon and Lee, Kyungtae",
   title = "Performance Prediction and Design of a Ducted Fan System",
   booktitle = "40th AIAA/ASME/SAE/ASEE Joint Propulsion Conference and Exhibit",
   series = "Joint Propulsion Conferences",
   publisher = "American Institute of Aeronautics and Astronautics",
   doi = "10.2514/6.2004-4196",
   year = "2004",
   type = "Book Section"
}

@inbook{RN39,
   author = "Johnson, Eric and Turbe, Michael",
   title = "Modeling, Control, and Flight Testing of a Small Ducted Fan Aircraft",
   booktitle = "AIAA Guidance, Navigation, and Control Conference and Exhibit",
   series = "Guidance, Navigation, and Control and Co-located Conferences",
   publisher = "American Institute of Aeronautics and Astronautics",
   doi = "10.2514/6.2005-6281",
   year = "2005",
   type = "Book Section"
}

@article{RN40,
   author = "Ohanian, Osgar John and Gelhausen, Paul A. and Inman, Daniel J.",
   title = "Nondimensional Modeling of Ducted-Fan Aerodynamics",
   journal = "Journal of Aircraft",
   volume = "49",
   number = "1",
   pages = "126-140",
   doi = "10.2514/1.C031389",
   year = "2012",
   type = "Journal Article"
}

@inproceedings{RN35,
   author = "Manouchehri, A. and Hajkarami, H. and Ahmadi, M. S.",
   title = "Hovering control of a ducted fan VTOL Unmanned Aerial Vehicle (UAV) based on PID control",
   booktitle = "2011 International Conference on Electrical and Control Engineering",
   pages = "5962-5965",
   ISBN = "null",
   doi = "10.1109/ICECENG.2011.6057155",
   type = "Conference Proceedings"
}

@article{RN45,
   author = "Peddle, I. K. and Jones, T. and Treurnicht, J.",
   title = "Practical near hover flight control of a ducted fan (SLADe)",
   journal = "Control Engineering Practice",
   volume = "17",
   number = "1",
   pages = "48-58",
   ISSN = "0967-0661",
   doi = "10.1016/j.conengprac.2008.05.004",
   year = "2009",
   type = "Journal Article"
}

@article{RN22,
   author = "Roberts, A. and Tayebi, A.",
   title = "Adaptive Position Tracking of VTOL UAVs",
   journal = "IEEE Transactions on Robotics",
   volume = "27",
   number = "1",
   pages = "129-142",
   ISSN = "1941-0468",
   doi = "10.1109/TRO.2010.2092870",
   year = "2011",
   type = "Journal Article"
}

@article{RN18,
   author = "Sheng, S. Z. and Sun, C. W.",
   title = "A Near-Hover Adaptive Attitude Control Strategy of a Ducted Fan Micro Aerial Vehicle with Actuator Dynamics",
   journal = "Applied Sciences-Basel",
   volume = "5",
   number = "4",
   pages = "666-681",
   doi = "10.3390/app5040666",
   year = "2015",
   type = "Journal Article"
}

@article{RN50,
   author = "Zhao, H. and Sheng, S. Z. and Li, J. B. and Sun, C. W.",
   title = "Modelling and attitude control of a miniature ducted fan UAV",
   journal = "Proceedings of the Institution of Mechanical Engineers Part G-Journal of Aerospace Engineering",
   volume = "230",
   number = "5",
   pages = "953-964",
   ISSN = "0954-4100",
   doi = "10.1177/0954410015602029",
   year = "2016",
   type = "Journal Article"
}

@article{RN193,
   author = "Bacon, B. J. and Ostroff, A. J. and Joshi, S. M.",
   title = "Reconfigurable NDI controller using inertial sensor failure detection \& isolation",
   journal = "Ieee Transactions on Aerospace and Electronic Systems",
   volume = "37",
   number = "4",
   pages = "1373-1383",
   ISSN = "0018-9251",
   doi = "10.1109/7.976972",
   year = "2001",
   type = "Journal Article"
}

@inbook{RN192,
   author = "Ostroff, A. J. and Bacon, B. J. and Acc, A. C. C.",
   title = "Enhanced NDI strategies for reconfigurable flight control",
   booktitle = "Proceedings of the 2002 American Control Conference, Vols 1-6",
   series = "Proceedings of the American Control Conference",
   volume = "1-6",
   pages = "3631-3636",
   ISBN = "0-7803-7298-0",
   doi = "10.1109/ACC.2002.1024492",
   year = "2002",
   type = "Book Section"
}

@article{RN166,
   author = "Smeur, Ewoud J. J. and Chu, Qiping and de Croon, Guido C. H. E.",
   title = "Adaptive Incremental Nonlinear Dynamic Inversion for Attitude Control of Micro Air Vehicles",
   journal = "Journal of Guidance Control and Dynamics",
   volume = "39",
   number = "3",
   pages = "450-461",
   ISSN = "0731-5090",
   doi = "10.2514/1.G001490",
   year = "2016",
   type = "Journal Article"
}

@article{RN172,
   author = "Smeur, E. J. J. and de Croon, G. C. H. E. and Chu, Q.",
   title = "Cascaded incremental nonlinear dynamic inversion for MAV disturbance rejection",
   journal = "Control Engineering Practice",
   volume = "73",
   pages = "79-90",
   ISSN = "0967-0661",
   doi = "10.1016/j.conengprac.2018.01.003",
   year = "2018",
   type = "Journal Article"
}

@article{RN190,
   author = "Liu, Z. C. and Guo, J. and Li, M. T. and Tang, S. J. and Wang, X.",
   title = "VTOL UAV Transition Maneuver Using Incremental Nonlinear Dynamic Inversion",
   journal = "International Journal of Aerospace Engineering",
   volume = "2018",
   pages = "19",
   ISSN = "1687-5966",
   doi = "10.1155/2018/6315856",
   year = "2018",
   type = "Journal Article"
}

@book{RN191,
   author = "Yunjie, Yang and Jihong, Zhu and Jiali, Yang",
   title = "INDI-based transitional flight control and stability analysis of a tail-sitter UAV",
   series = "2020 IEEE International Conference on Systems, Man, and Cybernetics",
   pages = "1420-6",
   ISBN = "978-1-7281-8526-2",
   doi = "10.1109/smc42975.2020.9283378",
   year = "2020",
   type = "Book"
}

@inbook{RN194,
   author = "Acquatella, Paul and Falkena, Wouter and van Kampen, Erik-Jan and Chu, Q. Ping",
   title = "Robust Nonlinear Spacecraft Attitude Control using Incremental Nonlinear Dynamic Inversion",
   booktitle = "AIAA Guidance, Navigation, and Control Conference",
   series = "Guidance, Navigation, and Control and Co-located Conferences",
   publisher = "American Institute of Aeronautics and Astronautics",
   doi = "10.2514/6.2012-4623",
   year = "2012",
   type = "Book Section"
}

@article{RN195,
   author = "Lu, P. and van Kampen, E. J. and de Visser, C. and Chu, Q. P.",
   title = "Aircraft fault-tolerant trajectory control using Incremental Nonlinear Dynamic Inversion",
   journal = "Control Engineering Practice",
   volume = "57",
   pages = "126-141",
   ISSN = "0967-0661",
   doi = "10.1016/j.conengprac.2016.09.010",
   year = "2016",
   type = "Journal Article"
}

@inbook{RN36,
   author = "Graf, Will and Fleming, Jonathan and Ng, Wing",
   title = "Improving Ducted Fan UAV Aerodynamics in Forward Flight",
   booktitle = "46th AIAA Aerospace Sciences Meeting and Exhibit",
   series = "Aerospace Sciences Meetings",
   publisher = "American Institute of Aeronautics and Astronautics",
   doi = "10.2514/6.2008-430",
   year = "2008",
   type = "Book Section"
}

@article{18,
  title = "Hover and Wind-Tunnel Testing of Shrouded Rotors for Improved Micro Air Vehicle Design",
  author = "Pereira, J. L.",
  journal = "Dissertations \& Theses Gradworks",
  doi = "http://hdl.handle.net/1903/8752",
  year = "2008"
}

@article{RN19,
   author = "Naldi, R. and Marconi, L.",
   title = "A Prototype of Ducted-Fan Aerial Robot with Redundant Control Surfaces",
   journal = "Journal of Intelligent \& Robotic Systems",
   volume = "76",
   number = "1",
   pages = "137-150",
   ISSN = "0921-0296",
   doi = "10.1007/s10846-013-0001-x",
   year = "2014",
   type = "Journal Article"
}

@article{RN44,
   author = "Pflimlin, J. M. and Soueres, P. and Hamel, T.",
   title = "Position control of a ducted fan VTOL UAV in crosswind",
   journal = "International Journal of Control",
   volume = "80",
   number = "5",
   pages = "666-683",
   ISSN = "0020-7179",
   doi = "10.1080/00207170601045034",
   year = "2007",
   type = "Journal Article"
}

@book{Durham_2017,
  ids = "durhamAircraftControlAllocation2017",
  title = "Aircraft Control Allocation",
  author = "Durham, Wayne and Bordignon, Kenneth A. and Beck, Roger",
  year = "2017",
  publisher = {{John Wiley \& Sons}},
  doi = "10.1002/9781118827789",
  isbn = "1-118-82779-1"
}

@article{RN203,
   author = "Johansen, T. A. and Fossen, T. I.",
   title = "Control allocation A-survey",
   journal = "Automatica",
   volume = "49",
   number = "5",
   pages = "1087-1103",
   ISSN = "0005-1098",
   doi = "10.1016/j.automatica.2013.01.035",
   year = "2013",
   type = "Journal Article"
}
@Article{electronics11071136,
AUTHOR = {Guo, Yu and Xie, Yuanyan and Chen, Yue and Ban, Xiaojuan and Sadoun, Balqies and Obaidat, Mohammad S.},
TITLE = {An Efficient Object Navigation Strategy for Mobile Robots Based on Semantic Information},
JOURNAL = {Electronics},
VOLUME = {11},
YEAR = {2022},
NUMBER = {7},
ARTICLE-NUMBER = {1136},
URL = {https://www.mdpi.com/2079-9292/11/7/1136},
ISSN = {2079-9292},
ABSTRACT = {In recent years, the rapid development of computer vision makes it possible for mobile robots to be more intelligent. Among the related technologies, the visual SLAM system allows the mobile robot to locate itself, build the map, and provide a navigation strategy to execute follow-up tasks, such as searching for objects in unknown environment according to the observed information. However, most of the existing studies are meant to provide a predefined trajectory for the robot or allow the robot to explore blindly and randomly, which undoubtedly affects the efficiency of the object navigation process and goes against with the idea of 鈥渋ntelligent鈥?. To solve the above problems, an efficient object navigation strategy is proposed in this paper. Firstly, a semantic association model is obtained by using the Mask R-CNN and skip-gram to conduct correlation analysis of common indoor objects. Then, with the help of the above model and ROS framework, an effective object navigation strategy is designed to enable the robot to find the given target efficiently. Finally, the classical ORB-SLAM2 system method is integrated to help the robot build a high usability environment map and find passable paths when moving. Simulation results validated that the proposed strategy can efficiently help the robot to navigate to the object without human intervention.},
DOI = {10.3390/electronics11071136}
}

@article{RN180,
   author = "Wang, X. R. and van Kampen, E. J. and Chu, Q. P. and Lu, P.",
   title = "Stability Analysis for Incremental Nonlinear Dynamic Inversion Control",
   journal = "Journal of Guidance Control and Dynamics",
   volume = "42",
   number = "5",
   pages = "1116-1129",
   ISSN = "0731-5090",
   doi = "10.2514/1.G003791",
   year = "2019",
   type = "Journal Article"
}

@article{RN108,
   author = {Zhang, T. and Barakos, G. N.},
   title = {Review on ducted fans for compound rotorcraft},
   journal = {The Aeronautical Journal},
   pages = {1-34},
   ISSN = {0001-9240},
   DOI = {10.1017/aer.2019.164},
   url = {https://www.cambridge.org/core/article/review-on-ducted-fans-for-compound-rotorcraft/E119FC34FFA3BACE2D4C5E429FBF8012},
   year = {2020},
   type = {Journal Article}
}

@article{RN208,
   author = {Tal, E. and Karaman, S.},
   title = {Accurate Tracking of Aggressive Quadrotor Trajectories Using Incremental Nonlinear Dynamic Inversion and Differential Flatness},
   journal = {Ieee Transactions on Control Systems Technology},
   volume = {29},
   number = {3},
   pages = {1203-1218},
   ISSN = {1063-6536},
   DOI = {10.1109/tcst.2020.3001117},
   url = {<Go to ISI>://WOS:000640767400021},
   year = {2021},
   type = {Journal Article}
}

@article{RN210,
   author = {Wang, X. R. and Sun, S. H. and van Kampen, E. J. and Chu, Q. P.},
   title = {Quadrotor Fault Tolerant Incremental Sliding Mode Control driven by Sliding Mode Disturbance Observers},
   journal = {Aerospace Science and Technology},
   volume = {87},
   pages = {417-430},
   ISSN = {1270-9638},
   DOI = {10.1016/j.ast.2019.03.001},
   url = {<Go to ISI>://WOS:000463689000036},
   year = {2019},
   type = {Journal Article}
}


@article{sun2024survey,
  title={A survey of object goal navigation},
  author={Sun, Jingwen and Wu, Jing and Ji, Ze and Lai, Yu-Kun},
  journal={IEEE Transactions on Automation Science and Engineering},
  year={2024},
  publisher={IEEE}
}
@article{zhang2022survey,
  title={A survey of visual navigation: From geometry to embodied AI},
  author={Zhang, Tianyao and Hu, Xiaoguang and Xiao, Jin and Zhang, Guofeng},
  journal={Engineering Applications of Artificial Intelligence},
  volume={114},
  pages={105036},
  year={2022},
  publisher={Elsevier}
}

@article{mavrogiannis2023core,
  title={Core challenges of social robot navigation: A survey},
  author={Mavrogiannis, Christoforos and Baldini, Francesca and Wang, Allan and Zhao, Dapeng and Trautman, Pete and Steinfeld, Aaron and Oh, Jean},
  journal={ACM Transactions on Human-Robot Interaction},
  volume={12},
  number={3},
  pages={1--39},
  year={2023},
  publisher={ACM New York, NY}
}
@article{li2023reinforcement,
  title={Reinforcement learning for sequential decision and optimal control},
  author={Li, Shengbo Eben},
  year={2023},
  publisher={Springer}
}
@article{majumdar2022zson,
  title={Zson: Zero-shot object-goal navigation using multimodal goal embeddings},
  author={Majumdar, Arjun and Aggarwal, Gunjan and Devnani, Bhavika and Hoffman, Judy and Batra, Dhruv},
  journal={Advances in Neural Information Processing Systems},
  volume={35},
  pages={32340--32352},
  year={2022}
}
@article{reddy2023advancements,
  title={Advancements in robotic surgery: a comprehensive overview of current utilizations and upcoming frontiers},
  author={Reddy, Kavyanjali and Gharde, Pankaj and Tayade, Harshal and Patil, Mihir and Reddy, Lucky Srivani and Surya, Dheeraj and srivani Reddy, Lucky},
  journal={Cureus},
  volume={15},
  number={12},
  year={2023},
  publisher={Cureus}
}
@article{kazerouni2022survey,
  title={A survey of state-of-the-art on visual SLAM},
  author={Kazerouni, Iman Abaspur and Fitzgerald, Luke and Dooly, Gerard and Toal, Daniel},
  journal={Expert Systems with Applications},
  volume={205},
  pages={117734},
  year={2022},
  publisher={Elsevier}
}
@inproceedings{zhang2014loam,
  title={LOAM: Lidar odometry and mapping in real-time.},
  author={Zhang, Ji and Singh, Sanjiv and others},
  booktitle={Robotics: Science and systems},
  volume={2},
  number={9},
  pages={1--9},
  year={2014},
  organization={Berkeley, CA}
}
@book{koubaa2017robot,
  title={Robot Operating System (ROS).},
  author={Koubaa, Anis and others},
  volume={1},
  year={2017},
  publisher={Springer}
}
@article{zhang2012self,
  title={Self-adaptive Monte Carlo localization for mobile robots using range finders},
  author={Zhang, Lei and Zapata, Ren{\'e} and Lepinay, Pascal},
  journal={Robotica},
  volume={30},
  number={2},
  pages={229--244},
  year={2012},
  publisher={Cambridge University Press}
}
@article{hart1968formal,
  title={A formal basis for the heuristic determination of minimum cost paths},
  author={Hart, Peter E and Nilsson, Nils J and Raphael, Bertram},
  journal={IEEE transactions on Systems Science and Cybernetics},
  volume={4},
  number={2},
  pages={100--107},
  year={1968},
  publisher={IEEE}
}
@article{rosmann2017integrated,
  title={Integrated online trajectory planning and optimization in distinctive topologies},
  author={R{\"o}smann, Christoph and Hoffmann, Frank and Bertram, Torsten},
  journal={Robotics and Autonomous Systems},
  volume={88},
  pages={142--153},
  year={2017},
  publisher={Elsevier}
}
@article{zhang2002flexible,
  title={A flexible new technique for camera calibration},
  author={Zhang, Zhengyou},
  journal={IEEE Transactions on pattern analysis and machine intelligence},
  volume={22},
  number={11},
  pages={1330--1334},
  year={2002},
  publisher={IEEE}
}
@article{more1977levenberg,
  title={The Levenberg-Marquardt algorithm: implementation and theory in numerical analysis},
  author={Mor{\'e}, Jorge J},
  journal={Lecture notes in mathematics},
  volume={630},
  pages={105--116},
  year={1977},
  publisher={Springer-Verlag}
}
@inproceedings{dellaert1999monte,
  title={Monte carlo localization for mobile robots},
  author={Dellaert, Frank and Fox, Dieter and Burgard, Wolfram and Thrun, Sebastian},
  booktitle={Proceedings 1999 IEEE international conference on robotics and automation (Cat. No. 99CH36288C)},
  volume={2},
  pages={1322--1328},
  year={1999},
  organization={IEEE}
}
@article{thrun2001robust,
  title={Robust Monte Carlo localization for mobile robots},
  author={Thrun, Sebastian and Fox, Dieter and Burgard, Wolfram and Dellaert, Frank},
  journal={Artificial intelligence},
  volume={128},
  number={1-2},
  pages={99--141},
  year={2001},
  publisher={Elsevier}
}
@inproceedings{rosmann2013efficient,
  title={Efficient trajectory optimization using a sparse model},
  author={R{\"o}smann, Christoph and Feiten, Wendelin and W{\"o}sch, Thomas and Hoffmann, Frank and Bertram, Torsten},
  booktitle={2013 European Conference on Mobile Robots},
  pages={138--143},
  year={2013},
  organization={IEEE}
}
@inproceedings{viola2001rapid,
  title={Rapid object detection using a boosted cascade of simple features},
  author={Viola, Paul and Jones, Michael},
  booktitle={Proceedings of the 2001 IEEE computer society conference on computer vision and pattern recognition. CVPR 2001},
  volume={1},
  pages={I--I},
  year={2001},
  organization={Ieee}
}
@article{taye2023theoretical,
  title={Theoretical understanding of convolutional neural network: Concepts, architectures, applications, future directions},
  author={Taye, Mohammad Mustafa},
  journal={Computation},
  volume={11},
  number={3},
  pages={52},
  year={2023},
  publisher={MDPI}
}
@article{wang2025yolov10,
  title={Yolov10: Real-time end-to-end object detection},
  author={Wang, Ao and Chen, Hui and Liu, Lihao and Chen, Kai and Lin, Zijia and Han, Jungong and others},
  journal={Advances in Neural Information Processing Systems},
  volume={37},
  pages={107984--108011},
  year={2025}
}
@inproceedings{varghese2024yolov8,
  title={Yolov8: A novel object detection algorithm with enhanced performance and robustness},
  author={Varghese, Rejin and Sambath, M},
  booktitle={2024 International Conference on Advances in Data Engineering and Intelligent Computing Systems (ADICS)},
  pages={1--6},
  year={2024},
  organization={IEEE}
}
@inproceedings{redmon2016you,
  title={You only look once: Unified, real-time object detection},
  author={Redmon, Joseph and Divvala, Santosh and Girshick, Ross and Farhadi, Ali},
  booktitle={Proceedings of the IEEE conference on computer vision and pattern recognition},
  pages={779--788},
  year={2016}
}
@inproceedings{liu2016ssd,
  title={Ssd: Single shot multibox detector},
  author={Liu, Wei and Anguelov, Dragomir and Erhan, Dumitru and Szegedy, Christian and Reed, Scott and Fu, Cheng-Yang and Berg, Alexander C},
  booktitle={Computer Vision--ECCV 2016: 14th European Conference, Amsterdam, The Netherlands, October 11--14, 2016, Proceedings, Part I 14},
  pages={21--37},
  year={2016},
  organization={Springer}
}
@inproceedings{girshick2014rich,
  title={Rich feature hierarchies for accurate object detection and semantic segmentation},
  author={Girshick, Ross and Donahue, Jeff and Darrell, Trevor and Malik, Jitendra},
  booktitle={Proceedings of the IEEE conference on computer vision and pattern recognition},
  pages={580--587},
  year={2014}
}
@inproceedings{girshick2015fast,
  title={Fast r-cnn},
  author={Girshick, Ross},
  booktitle={Proceedings of the IEEE international conference on computer vision},
  pages={1440--1448},
  year={2015}
}
@article{ren2016faster,
  title={Faster R-CNN: Towards real-time object detection with region proposal networks},
  author={Ren, Shaoqing and He, Kaiming and Girshick, Ross and Sun, Jian},
  journal={IEEE transactions on pattern analysis and machine intelligence},
  volume={39},
  number={6},
  pages={1137--1149},
  year={2016},
  publisher={IEEE}
}
@inproceedings{carion2020end,
  title={End-to-end object detection with transformers},
  author={Carion, Nicolas and Massa, Francisco and Synnaeve, Gabriel and Usunier, Nicolas and Kirillov, Alexander and Zagoruyko, Sergey},
  booktitle={European conference on computer vision},
  pages={213--229},
  year={2020},
  organization={Springer}
}

@article{niu2021review,
  title={A review on the attention mechanism of deep learning},
  author={Niu, Zhaoyang and Zhong, Guoqiang and Yu, Hui},
  journal={Neurocomputing},
  volume={452},
  pages={48--62},
  year={2021},
  publisher={Elsevier}
}
@inproceedings{himmelsbach2010fast,
  title={Fast segmentation of 3D point clouds for ground vehicles},
  author={Himmelsbach, Michael and Hundelshausen, Felix V and Wuensche, H-J},
  booktitle={2010 IEEE Intelligent Vehicles Symposium},
  pages={560--565},
  year={2010},
  organization={IEEE}
}

@article{guo2023kd,
  title={KD-tree-based euclidean clustering for tomographic SAR point cloud extraction and segmentation},
  author={Guo, Ziye and Liu, Hui and Shi, Hongyin and Li, Fang and Guo, Xinyu and Cheng, Bihui},
  journal={IEEE Geoscience and Remote Sensing Letters},
  volume={20},
  pages={1--5},
  year={2023},
  publisher={IEEE}
}
@article{liu2021point,
  title={Point cloud segmentation based on Euclidean clustering and multi-plane extraction in rugged field},
  author={Liu, Haoyue and Song, Rui and Zhang, Xuebo and Liu, Hui},
  journal={Measurement Science and Technology},
  volume={32},
  number={9},
  pages={095106},
  year={2021},
  publisher={IOP Publishing}
}

@article{doukas2007region,
  title={Region of interest coding techniques for medical image compression},
  author={Doukas, Charalampos and Maglogiannis, Ilias},
  journal={IEEE Engineering in medicine and Biology Magazine},
  volume={26},
  number={5},
  pages={29--35},
  year={2007},
  publisher={IEEE}
}
@online{China2025,
  author = {{中华人民共和国}},
  title = {政府工作报告},
  year = {2025},
  url = {https://www.gov.cn/yaowen/liebiao/202503/content_7010586.htm},
  note = {[EB/OL]},
}
@online{ROS2018,
  author = {{Stanford Artificial Intelligence Laboratory et al.}},
  title = {Robotic Operating System},
  year = {2018-05-23},
  url = {https://www.ros.org/},
  note = {[M].[S.1.]:[s.n.]},
}







































